@BOOK{AddaCooper:2003,
  AUTHOR =       {J\'{e}r\^{o}me Adda and Russell Cooper},
  TITLE =        {Dynamic Economics: Quantitative Methods and Applications},
  PUBLISHER =    {The MIT Press},
  YEAR =         {2003},
}

@ARTICLE{AlesinaDrazen:1991,
  AUTHOR =       {Alberto Alesina and Allan Drazen},
  TITLE =        {Why are Stabilizations Delayed?},
  JOURNAL =      {American Economic Review},
  YEAR =         {1991},
  volume =       {81},
  number =       {5},
  pages =        {1170-1188},
  month =        {December},
}

@ARTICLE{AltigAuerbachKotlikoffSmettersWalliser:2001,
  AUTHOR =       {David Altig and Alan J. Auerbach and Laurence J. Kotlikoff and Kent A. Smetters and Jan Walliser},
  TITLE =        {Simulating Fundamental Tax Reform in the United States},
  JOURNAL =      {American Economic Review},
  YEAR =         {2001},
  volume =       {91},
  number =       {3},
  pages =        {574-595},
  month =        {June},
}

@ARTICLE{AuerbachGokhaleKotlikoff:1991,
  AUTHOR =       {Alan J. Auerbach and Jagadeesh Gokhale and Laurence J. Kotlikoff},
  TITLE =        {Generational Accounts: A Meaningful Alternative to Deficit Accounting},
  JOURNAL =      {Tax Policy and the Economy},
  YEAR =         {1991},
  volume =       {5},
  pages =        {55-110},
}

@ARTICLE{AuerbachHassett:1992,
  AUTHOR =       {Alan J. Auerbach and Kevin A. Hassett},
  TITLE =        {Tax Policy and Business Fixed Investment in the United States},
  JOURNAL =      {Journal of Public Economics},
  YEAR =         {1992},
  volume =       {47},
  number =       {2},
  pages =        {141-170},
  month =        {March},
}

@BOOK{AuerbachKotlikoff:1987,
  AUTHOR =       {Alan J. Auerbach and Laurence J. Kotlikoff},
  TITLE =        {Dynamic Fiscal Policy},
  PUBLISHER =    {Cambridge University Press},
  address =      {Cambridge, MA},
  YEAR =         {1987},
}

@INCOLLECTION{AuerbachHassett:2001,
  AUTHOR =       {Alan J. Auerbach and Kevin A. Hassett},
  TITLE =        {Uncertainty and the Design of Long-Run Fiscal Policy},
  BOOKTITLE =    {Demographic Change and Fiscal Policy},
  YEAR =         {2001},
  editor =       {Alan J. Auerbach and Ronald D. Lee},
  pages =        {73-92},
  publisher =    {Cambridge University Press},
  address =      {Cambridge, UK},
}

@ARTICLE{AuerbachHassett:2002,
  AUTHOR =       {Alan J. Auerbach and Kevin A. Hassett},
  TITLE =        {Fiscal Policy and Uncertainty},
  JOURNAL =      {International Finance},
  YEAR =         {2002},
  volume =       {5},
  number =       {2},
  pages =        {229-249},
  month =        {Summer},
}

@ARTICLE{AuerbachHassett:2007,
  AUTHOR =       {Alan J. Auerbach and Kevin A. Hassett},
  TITLE =        {Optimal Long-Run Fiscal Policy: Constraints, Preferences, and the Resolution of Uncertainty},
  JOURNAL =      {Journal of Economic Dynamics and Control},
  YEAR =         {2007},
  volume =       {31},
  number =       {5},
  pages =        {1451-1472},
  month =        {May},
}

@ARTICLE{BackusEtAl:2011,
  AUTHOR =       {David Backus and M. Chernov and I. Martin},
  TITLE =        {Disasters Implied by Equity Index Options},
  JOURNAL =      {Journal of Finance},
  YEAR =         {2011},
  volume =       {66},
  number =       {?},
  pages =        {1969-2012},
  month =        {?},
}

@ARTICLE{Barro:2009,
  AUTHOR = {Robert J. Barro},
  TITLE = {Rare Disasters, Asset Prices, and Welfare Costs},
  JOURNAL = {American Economic Review},
  YEAR = {2009},
  volume = {99},
  number = {1},
  pages = {243-64},
  month = {March},
}

@ARTICLE{Blanchard:2019,
  AUTHOR = {Olivier Blanchard},
  TITLE = {Public Debt and Low Interest Rates},
  JOURNAL = {American Economic Review},
  YEAR = {2019},
  volume = {109},
  number = {4},
  pages = {1197-1229},
  month = {April},
}

@ARTICLE{Blake:1996,
  AUTHOR =       {David Blake},
  TITLE =        {Efficiency, Risk Aversion and Portfolio Insurance: An Analysis of Financial Asset Portfolios Held by Investors in the United Kingdom},
  JOURNAL =      {Economic Journal},
  YEAR =         {1996},
  volume =       {106},
  number =       {438},
  pages =        {1175-1192},
  month =        {September},
}

@ARTICLE{BravConstantinidesGeczy:2002,
  AUTHOR =       {Alon Brav and George M. Constantinides and Christopher C. Geczy},
  TITLE =        {Asset Pricing with Heterogeneous Consumers and Limited Participation: Empirical Evidence},
  JOURNAL =      {Journal of Political Economy},
  YEAR =         {2002},
  volume =       {110},
  number =       {4},
  pages =        {793-824},
  month =        {August},
}

@ARTICLE{Campbell:1996,
  AUTHOR =       {John Y. Campbell},
  TITLE =        {Understanding Risk and Return},
  JOURNAL =      {Journal of Political Economy},
  YEAR =         {1996},
  volume =       {104},
  number =       {2},
  pages =        {298-345},
  month =        {April},
}

@ARTICLE{Cochrane:2011,
  AUTHOR =       {John H. Cochrane},
  TITLE =        {Understanding Policy in the Great Recession: Some Unpleasant Fiscal Arithmetic},
  JOURNAL =      {European Economic Review},
  YEAR =         {2011},
  volume =       {55},
  number =       {1},
  pages =        {2-30},
  month =        {January},
}

@ARTICLE{CooleySoares:1999,
  AUTHOR =       {Thomas F. Cooley and Jorge Soares},
  TITLE =        {A Positive Theory of Social Security Based on Reputation},
  JOURNAL =      {Journal of Political Economy},
  YEAR =         {1999},
  volume =       {107},
  number =       {1},
  pages =        {135-160},
  month =        {February},
}

@TECHREPORT{DavigLeeper:2011a,
  AUTHOR =       {Troy Davig and Eric M. Leeper},
  TITLE =        {Temporarily Unstable Government Debt and Inflation},
  INSTITUTION =  {National Bureau of Economic Research},
  YEAR =         {2011a},
  type =         {NBER Working Paper},
  number =       {No. 16799},
  month =        {February},
}

@ARTICLE{DavigLeeper:2011b,
  AUTHOR =       {Troy Davig and Eric M. Leeper},
  TITLE =        {Monetary-Fiscal Policy Interactions and Fiscal Stimulus},
  JOURNAL =      {European Economic Review},
  YEAR =         {2011b},
  volume =       {55},
  number =       {2},
  pages =        {211-227},
  month =        {February},
}

@ARTICLE{DavigLeeperWalker:2010,
  AUTHOR =       {Troy Davig and Eric M. Leeper and Todd B. Walker},
  TITLE =        {`Unfunded Liabilities' and Uncertain Fiscal Financing},
  JOURNAL =      {Journal of Monetary Economics},
  YEAR =         {2010},
  volume =       {57},
  number =       {5},
  pages =        {600-619},
  month =        {July},
}

@ARTICLE{DavigLeeperWalker:2011,
  AUTHOR =       {Troy Davig and Eric M. Leeper and Todd B. Walker},
  TITLE =        {Inflation and the Fiscal Limit},
  JOURNAL =      {European Economic Review},
  YEAR =         {2011},
  volume =       {55},
  number =       {1},
  pages =        {31-47},
  month =        {January},
}

@ARTICLE{DeLongMagin:2009,
  AUTHOR = {J. Bradford DeLong and Konstantin Magin},
  TITLE = {The U.S. Equity Return Premium: Past, Present, and Future},
  JOURNAL = {Journal of Economic Perspectives},
  YEAR = {2009},
  volume = {23},
  number = {1},
  pages = {193-208},
  month = {Winter},
}

@ARTICLE{DeNardiImrohorogluSargent:1999,
  AUTHOR =       {Mariacristina {De Nardi} and Selahattin {\.{I}mrohoro\u{g}lu} and Thomas J. Sargent},
  TITLE =        {Projected U.S. Demographics and Social Security},
  JOURNAL =      {Review of Economic Dynamics},
  YEAR =         {1999},
  volume =       {2},
  number =       {3},
  pages =        {575-615},
  month =        {July},
}

@TECHREPORT{FarhiGourio:2019,
  AUTHOR = {Emmanuel Farhi and Fran\c{c}ios Gourio},
  TITLE = {What is Driving the Return Spread Between `Safe' and `Risky' Assets?},
  INSTITUTION = {Federal Reserve Bank of Chicago},
  YEAR = {2019},
  type = {Chicago Fed Letter},
  number = {No. 416},
}

@ARTICLE{Floden:2008,
  AUTHOR =       {Martin Flod\'{e}n},
  TITLE =        {A Note on the Accuracy of Markov-chain Approximations to Highly Persistent AR(1) Processes},
  JOURNAL =      {Economics Letters},
  YEAR =         {2008},
  volume =       {99},
  number =       {3},
  pages =        {516-520},
  month =        {June},
}

@TECHREPORT{GloverHeathcoteKruegerRiosRull:2011,
  AUTHOR =       {Andrew Glover and Jonathan Heathcote and Dirk Krueger and Jos\'{e}-V\'{i}ctor R\'{i}os-Rull},
  TITLE =        {Intergenerational Redistribution in the Great Recession},
  INSTITUTION =  {National Bureau of Economic Research},
  YEAR =         {2011},
  type =         {NBER Working Paper},
  number =       {No. 16924},
  month =        {April},
}

@ARTICLE{GokhaleSmetters:2007,
  AUTHOR =       {Jagadeesh Gohkhale and Kent Smetters},
  TITLE =        {Do the Markets Care About the \$2.4 Trillion U.S. Deficit?},
  JOURNAL =      {Financial Analysts Journal},
  YEAR =         {2007},
  volume =       {63},
  number =       {2},
  pages =        {37-47},
  month =        {Mar/Apr},
}

@ARTICLE{Gourio:2012,
  AUTHOR = {Fran\c{c}ios Gourio},
  TITLE = {Disaster Risk and Business Cycles},
  JOURNAL = {American Economic Review},
  YEAR = {2012},
  volume = {102},
  number = {6},
  pages = {2734-2766},
  month = {October},
}

@ARTICLE{Gourio:2013,
  AUTHOR = {Fran\c{c}ios Gourio},
  TITLE = {Credit Risk and Disaster Risk},
  JOURNAL = {American Economic Journal: Macroeconomics},
  YEAR = {2013},
  volume = {5},
  number = {3},
  pages = {1-34},
  month = {July},
}

@ARTICLE{HassettMetcalf:1999,
  AUTHOR =       {Kevin A. Hassett and Gilbert E. Metcalf},
  TITLE =        {Investment with Uncertain Tax Policy: Does Random Tax Policy Discourage Investment?},
  JOURNAL =      {The Economic Journal},
  YEAR =         {1999},
  volume =       {109},
  number =       {457},
  pages =        {372-393},
  month =        {July},
}

@ARTICLE{HuggettVentura:1999,
  AUTHOR =       {Mark Huggett and Gustavo Ventura},
  TITLE =        {On the Distributional Effects of Social Security Reform},
  JOURNAL =      {Review of Economic Dynamics},
  YEAR =         {1999},
  volume =       {2},
  number =       {3},
  pages =        {498-531},
  month =        {July},
}

@TECHREPORT{IMF:2009,
  AUTHOR =       {{International Monetary Fund}},
  TITLE =        {Fiscal Implications of the Global Economic and Financial Crisis},
  INSTITUTION =  {International Monetary Fund},
  YEAR =         {2009},
  type =         {IMF Staff Position Note},
  number =       {SPN/09/13},
  month =        {June},
}

@ARTICLE{Imrohoroglu2Joines:1995,
  AUTHOR =       {Ay\c{s}e {\.{I}mrohoro\u{g}lu} and Selahattin {\.{I}mrohoro\u{g}lu} and Douglas H. Joines},
  TITLE =        {A Life Cycle Analysis of Social Security},
  JOURNAL =      {Economic Theory},
  YEAR =         {1995},
  volume =       {6},
  number =       {1},
  pages =        {83-114},
  month =        {June},
}

@ARTICLE{Imrohoroglu2Joines:1999,
  AUTHOR =       {Ay\c{s}e {\.{I}mrohoro\u{g}lu} and Selahattin {\.{I}mrohoro\u{g}lu} and Douglas H. Joines},
  TITLE =        {Social Security in an Overlapping Generations Model with Land},
  JOURNAL =      {Review of Economic Dynamics},
  YEAR =         {1999},
  volume =       {2},
  number =       {3},
  pages =        {638-665},
  month =        {July},
}

@BOOK{Judd:1998,
  AUTHOR =       {Kenneth L. Judd},
  TITLE =        {Numerical Methods in Economics},
  PUBLISHER =    {The MIT Press},
  YEAR =         {1998},
}

@ARTICLE{Kocherlakota:1996,
  AUTHOR =       {Narayana R. Kocherlakota},
  TITLE =        {The Equity Premium: It's Still a Puzzle},
  JOURNAL =      {Journal of Economic Literature},
  YEAR =         {1996},
  volume =       {34},
  number =       {1},
  pages =        {42-71},
  month =        {March},
}

@INCOLLECTION{KotlikoffSmettersWalliser:1998a,
  AUTHOR =       {Laurence J. Kotlikoff and Kent Smetters and Jan Walliser},
  TITLE =        {The Economic Impact of Transiting to a Privatized Social Security System},
  BOOKTITLE =    {Redesigning Social Security},
  YEAR =         {1998a},
  editor =       {Horst Siebert},
  pages =        {327-348},
  publisher =    {Kiel University Press},
  address =      {Kiel, Germany},
}

@ARTICLE{KotlikoffSmettersWalliser:1998b,
  AUTHOR =       {Laurence J. Kotlikoff and Kent Smetters and Jan Walliser},
  TITLE =        {Social Security: Privatization and Progressivity},
  JOURNAL =      {American Economic Review},
  YEAR =         {1998b},
  volume =       {88},
  number =       {2},
  pages =        {137-141},
  month =        {May},
}

@ARTICLE{KotlikoffSmettersWalliser:2007,
  AUTHOR =       {Laurence J. Kotlikoff and Kent Smetters and Jan Walliser},
  TITLE =        {Mitigating America's Demographic Dilemma by Pre-Funding Social Security},
  JOURNAL =      {Journal of Monetary Economics},
  YEAR =         {2007},
  volume =       {54},
  number =       {2},
  pages =        {247-266},
  month =        {March},
}

@TECHREPORT{KruegerKubler:2002,
  AUTHOR =       {Dirk Krueger and Felix Kubler},
  TITLE =        {Pareto Improving Social Security Reform when Financial Markets are Incomplete?},
  INSTITUTION =  {National Bureau of Economic Research},
  YEAR =         {2002},
  type =         {NBER Working Paper},
  number =       {No. 9410},
  month =        {December},
}

@ARTICLE{KruegerKubler:2004,
  AUTHOR =       {Dirk Krueger and Felix Kubler},
  TITLE =        {Computing Equilibrium in OLG Models with Stochastic Production},
  JOURNAL =      {Journal of Economic Dynamics and Control},
  YEAR =         {2004},
  volume =       {28},
  number =       {7},
  pages =        {1411-1436},
  month =        {April},
}

@ARTICLE{KruegerKubler:2006,
  AUTHOR =       {Dirk Krueger and Felix Kubler},
  TITLE =        {Pareto Improving Social Security Reform when Financial Markets are Incomplete!?},
  JOURNAL =      {American Economic Review},
  YEAR =         {2006},
  volume =       {96},
  number =       {3},
  pages =        {737-755},
  month =        {June},
}

@TECHREPORT{LeeperWalker:2011,
  AUTHOR =       {Eric M. Leeper and Todd B. Walker},
  TITLE =        {Fiscal Limits in Advanced Economies},
  INSTITUTION =  {National Bureau of Economic Research},
  YEAR =         {2011},
  type =         {NBER Working Paper},
  number =       {No. 16819},
  month =        {February},
}

@ARTICLE{MankiwZeldes:1991,
  AUTHOR =       {N. Gregory Mankiw and Stephen P. Zeldes},
  TITLE =        {The Consumption of Stockholders and Nonstockholders},
  JOURNAL =      {Journal of Financial Economics},
  YEAR =         {1991},
  volume =       {29},
  number =       {1},
  pages =        {97-112},
  month =        {March},
}

@ARTICLE{MehraPrescott:1985,
  AUTHOR =       {Rajnish Mehra and Edward C. Prescott},
  TITLE =        {The Equity Premium: A Puzzle},
  JOURNAL =      {Journal of Monetary Economics},
  YEAR =         {1985},
  volume =       {15},
  number =       {2},
  pages =        {145-161},
  month =        {March},
}

@ARTICLE{NishiyamaSmetters:2007,
  AUTHOR =       {Shinichi Nishiyama and Kent Smetters},
  TITLE =        {Does Social Security Privatization Produce Efficiency Gains?},
  JOURNAL =      {Quarterly Journal of Economics},
  YEAR =         {2007},
  volume =       {122},
  number =       {4},
  pages =        {1677-1719},
  month =        {November},
}

@TECHREPORT{RebeloEtAl:2019,
  AUTHOR = {Sergio Rebelo and Neng Wang and Jinqiang Yang},
  TITLE = {Rare Disasters, Financial Development, and Sovereign Debt},
  INSTITUTION = {National Bureau of Economic Research},
  YEAR = {2019},
  type = {NBER Working Paper},
  number = {No. 25031},
  month = {May},
}

@ARTICLE{ReinhartEtAl:2015,
  AUTHOR = {Carmen M. Reinhart and Vincent Reinhart and Kenneth Rogoff},
  TITLE = {Dealing with Debt},
  JOURNAL = {Journal of International Economics},
  YEAR = {2015},
  volume = {96},
  number = {Supplement 1},
  pages = {S43-S55},
  month = {July},
}

@ARTICLE{SargentWallace:1981,
  AUTHOR =       {Thomas J. Sargent and Neil Wallace},
  TITLE =        {Some Unpleasant Monetarist Arithmetic},
  JOURNAL =      {Federal Reserve Bank of Minneapolis Quarterly Review},
  YEAR =         {1981},
  volume =       {5},
  number =       {3},
  pages =        {1-17},
  month =        {Fall},
}

@ARTICLE{SmettersWalliser:2004,
  AUTHOR =       {Kent Smetters and Jan Walliser},
  TITLE =        {Opting Out of Social Security},
  JOURNAL =      {Journal of Public Economics},
  YEAR =         {2004},
  volume =       {88},
  number =       {7-8},
  pages =        {1295-1306},
  month =        {July},
}

@ARTICLE{TauchenHussey:1991,
  AUTHOR =       {George Tauchen and Robert Hussey},
  TITLE =        {Quadrature-based Methods for Obtaining Approximate Solutions to Nonlinear Asset Pricing Models},
  JOURNAL =      {Econometrica},
  YEAR =         {1991},
  volume =       {59},
  number =       {2},
  pages =        {371-396},
  month =        {March},
}

@TECHREPORT{TrabandtUhlig:2009,
  AUTHOR =       {Mathias Trabandt and Harald Uhlig},
  TITLE =        {How Far Are We from the Slippery Slope? The Laffer Curve Revisited},
  INSTITUTION =  {National Bureau of Economic Research},
  YEAR =         {2009},
  type =         {NBER Working Paper},
  number =       {No. 15343},
  month =        {September},
}

@ARTICLE{TsaiWachter:2015,
  AUTHOR = {Jerry Tsai and Jessica A. Wachter},
  TITLE = {Disaster Risk and Its Implications for Asset Pricing},
  JOURNAL = {Annual Review of Financial Economics},
  YEAR = {2015},
  volume = {7},
  pages = {219-252},
}
