@ARTICLE{Barro:2009,
  AUTHOR = {Robert J. Barro},
  TITLE = {Rare Disasters, Asset Prices, and Welfare Costs},
  JOURNAL = {American Economic Review},
  YEAR = {2009},
  volume = {99},
  number = {1},
  pages = {243-64},
  month = {March},
}

@ARTICLE{Blanchard:2019,
  AUTHOR = {Olivier Blanchard},
  TITLE = {Public Debt and Low Interest Rates},
  JOURNAL = {American Economic Review},
  YEAR = {2019},
  volume = {109},
  number = {4},
  pages = {1197-1229},
  month = {April},
}

@INCOLLECTION{EpsteinZin:2013,
  AUTHOR = {Larry G. Epstein and Stanley E. Zin},
  TITLE = {Substitution, Risk Aversion, and the Temporal Behavior of Consumption and Asset Returns: A Theoretical Framework},
  BOOKTITLE = {Handbook of the Fundamentals of Financial Decision Making},
  PUBLISHER = {New Jersey: World Scientific},
  YEAR = {2013},
  editor = {Leonard C. MacLean and William T. Ziemba},
  pages = {207-239},
}

@INCOLLECTION{EvansEtAl:2013,
  AUTHOR = {Richard W. Evans and Laurence J. Kotlikoff and Kerk L. Phillips},
  BOOKTITLE = {Fiscal Policy after the Financial Crisis},
  chapter = {5},
  Editor = {Alberto Alesina and Francesco Giavazzi},
  Organization = {National Bureau of Economic Research},
  Publisher = {University of Chicago Press},
  Title = {Game Over: Simulating Unsustainable Fiscal Policy},
  Year = {2013},
}

@ARTICLE{Gourio:2012,
  AUTHOR = {Fran\c{c}ios Gourio},
  TITLE = {Disaster Risk and Business Cycles},
  JOURNAL = {American Economic Review},
  YEAR = {2012},
  volume = {102},
  number = {6},
  pages = {2734-2766},
  month = {October},
}

@TECHREPORT{RebeloEtAl:2019,
  AUTHOR = {Sergio Rebelo and Neng Wang and Jinqiang Yang},
  TITLE = {Rare Disasters, Financial Development, and Sovereign Debt},
  INSTITUTION = {National Bureau of Economic Research},
  YEAR = {2019},
  type = {NBER Working Paper},
  number = {No. 25031},
  month = {May},
}

@ARTICLE{ReinhartEtAl:2015,
  AUTHOR = {Carmen M. Reinhart and Vincent Reinhart and Kenneth Rogoff},
  TITLE = {Dealing with Debt},
  JOURNAL = {Journal of International Economics},
  YEAR = {2015},
  volume = {96},
  number = {Supplement 1},
  pages = {S43-S55},
  month = {July},
}

@ARTICLE{TsaiWachter:2015,
  AUTHOR = {Jerry Tsai and Jessica A. Wachter},
  TITLE = {Disaster Risk and Its Implications for Asset Pricing},
  JOURNAL = {Annual Review of Financial Economics},
  YEAR = {2015},
  volume = {7},
  pages = {219-252},
}

@ARTICLE{Weil:1990,
  AUTHOR = {Philippe Weil},
  TITLE = {Nonexpected Utility in Macroeconomics},
  JOURNAL = {Quarterly Journal of Economics},
  YEAR = {1990},
  volume = {105},
  number = {1},
  pages = {29-42},
  month = {February},
}
